@misc{course-notes,
	title	="Statistical inference and data analysis: course notes",
	author	= "J Beirlandt and I. Gijbels",
	year	= 2019
}

@url{flinn,
	author = "C. Flinn",
	title = "Asymptotic Results for the Linear Regression Model",
	year = {1999},
	url = "http://www.econ.nyu.edu/user/flinnc/notes1.pdf",
	institution = "New York University"
}
